@article{Abdelkader:2017:ACR,
  author = {Ahmed Abdelkader and Ahmed H. Mahmoud and Ahmad A.
                  Rushdi and Scott A. Mitchell and John D. Owens and
                  Mohamed S. Ebeida},
  title = {A Constrained Resampling Strategy for Mesh
                  Improvement},
  journal = {Computer Graphics Forum},
  series = {SGP 2017},
  volume = 36,
  number = 5,
  year = 2017,
  month = jul,
  pages = {189--201},
  note = {Proceedings of the Symposium on Geometry Processing},
  doi = {10.1111/cgf.13256},
  url = {http://escholarship.org/uc/item/5347s75h},
  code = {https://github.com/Ahdhn/MeshImp}
}
@article{shewchuk2002good,
  title={What is a good linear finite element interpolation, conditioning, anisotropy, and quality measures (preprint)},
  author={Shewchuk, Jonathan},
  year={2002}
}