@book{sutton2011reinforcement,
  title={Reinforcement learning: An introduction},
  author={Sutton, Richard S and Barto, Andrew G},
  edition = {{S}econd},
  year = {2017},
  publisher = {MIT Press, Cambridge, MA}
}