@article{Abdelkader:2017:ACR,
  author = {Ahmed Abdelkader and Ahmed H. Mahmoud and Ahmad A.
                  Rushdi and Scott A. Mitchell and John D. Owens and
                  Mohamed S. Ebeida},
  title = {A Constrained Resampling Strategy for Mesh
                  Improvement},
  journal = {Computer Graphics Forum},
  series = {SGP 2017},
  volume = 36,
  number = 5,
  year = 2017,
  month = jul,
  pages = {189--201},
  note = {Proceedings of the Symposium on Geometry Processing},
  doi = {10.1111/cgf.13256},
  url = {http://escholarship.org/uc/item/5347s75h},
  code = {https://github.com/Ahdhn/MeshImp}
}
@article{Jakob:2015:IFM:2816795.2818078,
	author = {Jakob, Wenzel and Tarini, Marco and Panozzo, Daniele and Sorkine-Hornung, Olga},
	title = {Instant Field-aligned Meshes},
	journal = {ACM Trans. Graph.},
	issue_date = {November 2015},
	volume = {34},
	number = {6},
	month = oct,
	year = {2015},
	issn = {0730-0301},
	pages = {189:1--189:15},
	articleno = {189},
	numpages = {15},
	url = {http://doi.acm.org/10.1145/2816795.2818078},
	doi = {10.1145/2816795.2818078},
	acmid = {2818078},
	publisher = {ACM},
	address = {New York, NY, USA},
	keywords = {N-RoSy, extrinsic smoothing, point cloud, quadrangulation, range scan, remeshing, triangulation},
} 

@Inbook{Alliez2008,
	author="Alliez, Pierre and Ucelli, Giuliana and Gotsman, Craig and Attene, Marco",
	editor="De Floriani, Leila and Spagnuolo, Michela",
	title="Recent Advances in Remeshing of Surfaces",
	bookTitle="Shape Analysis and Structuring",
	year="2008",
	publisher="Springer Berlin Heidelberg",
	address="Berlin, Heidelberg",
	pages="53--82",
	doi="10.1007/978-3-540-33265-72"	
}
@article{ho1988finite,
  title={Finite element mesh generation methods: a review and classification},
  author={Ho-Le, K},
  journal={Computer-aided design},
  volume={20},
  number={1},
  pages={27--38},
  year={1988},
  publisher={Elsevier}
}
@article {CGF:CGF00574,
	author = {Bernardini, Fausto and Rushmeier, Holly},
	title = {The 3D Model Acquisition Pipeline},
	journal = {Computer Graphics Forum},
	volume = {21},
	number = {2},
	publisher = {Blackwell Publishers Ltd},
	issn = {1467-8659},
	url = {http://dx.doi.org/10.1111/1467-8659.00574},
	pages = {149--172},
	keywords = {3D scanning, range images, reflectance models, mesh generation, texture maps sensor fusion},
	year = {2002}
}
@article{shewchuk2002good,
  title={What is a good linear finite element interpolation, conditioning, anisotropy, and quality measures (preprint)},
  author={Shewchuk, Jonathan},
  year={2002}
}

@ARTICLE{7756294, 
	author={K. Hu and D. M. Yan and D. Bommes and P. Alliez and B. Benes}, 
	journal={IEEE Transactions on Visualization and Computer Graphics}, 
	title={Error-Bounded and Feature Preserving Surface Remeshing with Minimal Angle Improvement}, 
	year={2017}, 
	volume={23}, 
	number={12}, 
	pages={2560-2573}, 
	keywords={Algorithm design and analysis;Approximation algorithms;Approximation error;Complexity theory;Electronic mail;Error analysis;Surface reconstruction;Surface remeshing;error-bounded;feature preserving;minimal angle improvement;saliency function}, 
	doi={10.1109/TVCG.2016.2632720}, 
	ISSN={1077-2626}, 
	month={Dec}
}

@ARTICLE{field, 
	author={Xingyi Du and Xiaohan Liu and Dong-Ming Yan and Caigui Jiang and Juntao Ye, Hui Zhang}, 
	journal={submitted to COMPUTER GRAPHICSForum}, 
	title={Field-Aligned Isotropic Surface Remeshing}, 
	year={2017}, 		
	doi={10.13140/RG.2.2.36141.18408}, 	
	month={Seb}
}

@article{yan2016non,
  title={Non-obtuse remeshing with centroidal voronoi tessellation},
  author={Yan, Dong-Ming and Wonka, Peter},
  journal={IEEE transactions on visualization and computer graphics},
  volume={22},
  number={9},
  pages={2136--2144},
  year={2016},
  publisher={IEEE}
}
@Article{Bishop2016,
	author="Bishop, Christopher J.",
	title="Nonobtuse Triangulations of PSLGs",
	journal="Discrete {\&} Computational Geometry",
	year="2016",
	month="Jul",
	day="01",
	volume="56",
	number="1",
	pages="43--92",
	abstract="We show that any planar straight line graph with n vertices has a conforming triangulation by                                                                           {\$}{\$}O(n^{\{}2.5{\}}){\$}{\$}                                                                                    O                        (                                                  n                                                      2.5                                                                          )                                                                             nonobtuse triangles (all angles                                                                           {\$}{\$}{\backslash}le 90^{\backslash}circ {\$}{\$}                                                                                    ≤                                                  90                          ∘                                                                                                    ), answering the question of whether any polynomial bound exists. A nonobtuse triangulation is Delaunay, so this result also improves a previous                                                                           {\$}{\$}O(n^3){\$}{\$}                                                                                    O                        (                                                  n                          3                                                )                                                                             bound of  Edelsbrunner and Tan for conforming Delaunay triangulations of PSLGs. In the special case that the PSLG is the triangulation of a simple polygon, we will show that only                                                                           {\$}{\$}O(n^2){\$}{\$}                                                                                    O                        (                                                  n                          2                                                )                                                                             triangles are needed, improving an                                                                           {\$}{\$}O(n^4){\$}{\$}                                                                                    O                        (                                                  n                          4                                                )                                                                             bound of Bern and Eppstein. We also show that for any                                                                           {\$}{\$}{\backslash}varepsilon >0{\$}{\$}                                                                                    $\epsilon$                        >                        0                                                                            , every PSLG has a conforming triangulation with                                                                           {\$}{\$}O(n^2 /{\backslash}varepsilon ^2){\$}{\$}                                                                                    O                        (                                                  n                          2                                                /                                                  $\epsilon$                          2                                                )                                                                             elements and with all angles bounded above by                                                                           {\$}{\$}90^{\backslash}circ + {\backslash}varepsilon {\$}{\$}                                                                                                              90                          ∘                                                +                        $\epsilon$                                                                            . This improves a result of S. Mitchell when                                                                           {\$}{\$}{\backslash}varepsilon = {\backslash}frac{\{}3{\}}{\{}8{\}} {\backslash}pi =67.5^{\backslash}circ {\$}{\$}                                                                                    $\epsilon$                        =                                                  3                          8                                                $\pi$                        =                        67                        .                                                  5                          ∘                                                                                                     and Tan when                                                                           {\$}{\$}{\backslash}varepsilon = {\backslash}frac{\{}7{\}}{\{}30{\}} {\backslash}pi = 42^{\backslash}circ {\$}{\$}                                                                                    $\epsilon$                        =                                                  7                          30                                                $\pi$                        =                                                  42                          ∘                                                                                                    .",
	issn="1432-0444",
	doi="10.1007/s00454-016-9772-8",
	url="https://doi.org/10.1007/s00454-016-9772-8"
}
